<?xml version="1.0" encoding="UTF-8"?><record xmlns="http://www.loc.gov/MARC21/slim" xmlns:cinclude="http://apache.org/cocoon/include/1.0" xmlns:zs="http://www.loc.gov/zing/srw/">
  <leader>00391nz  a2200133n  4500</leader>
  <controlfield tag="001">n  89615145 </controlfield>
  <controlfield tag="003">DLC</controlfield>
  <controlfield tag="005">19890315124637.6</controlfield>
  <controlfield tag="008">890314n| acannaab|          |a aaa ||| c</controlfield>
  <datafield tag="010" ind1=" " ind2=" ">
    <subfield code="a">n  89615145 </subfield>
  </datafield>
  <datafield tag="040" ind1=" " ind2=" ">
    <subfield code="a">ICU</subfield>
    <subfield code="c">ICU</subfield>
  </datafield>
  <datafield tag="100" ind1="1" ind2="0">
    <subfield code="a">McConnell, D.</subfield>
    <subfield code="q">(Duncan),</subfield>
    <subfield code="d">1909-</subfield>
  </datafield>
  <datafield tag="400" ind1="1" ind2="0">
    <subfield code="w">nna</subfield>
    <subfield code="a">McConnell, Duncan,</subfield>
    <subfield code="d">1909-</subfield>
  </datafield>
  <datafield tag="670" ind1=" " ind2=" ">
    <subfield code="a">LC data base, 3-7-89</subfield>
    <subfield code="b">(hdg.: McConnell, Duncan, 1909- ; usage: D. McConnell)</subfield>
  </datafield>
</record>